@article{fischer_whitney_2014, 
    author="Jason Fischer and David Whitney", 
    title="{Serial dependence in visual perception}", 
    journal="Nature Neuroscience", 
    volume="17", 
    number="5", 
    pages="738–-743",
    year="2014",
    DOI="10.1038/nn.3689", 
}

@article{GARCIA2013515,
    title = {Near-Real-Time Feature-Selective Modulations in Human Cortex},
    journal = {Current Biology},
    volume = {23},
    number = {6},
    pages = {515-522},
    year = {2013},
    issn = {0960-9822},
    doi = {https://doi.org/10.1016/j.cub.2013.02.013},
    url = {https://www.sciencedirect.com/science/article/pii/S0960982213001541},
    author = {Javier O. Garcia and Ramesh Srinivasan and John T. Serences},
}

@article{Manassi,
    author = {Manassi, Mauro and Liberman, Alina and Chaney, Wesley and Whitney, David},
    year = {2017},
    month = {05},
    pages = {1971},
    title = {The perceived stability of scenes: Serial dependence in ensemble representations},
    volume = {7},
    journal = {Scientific Reports},
    doi = {10.1038/s41598-017-02201-5}
}

@article{KIYONAGA2017493,
    title = {Serial Dependence across Perception, Attention, and Memory},
    journal = {Trends in Cognitive Sciences},
    volume = {21},
    number = {7},
    pages = {493-497},
    year = {2017},
    issn = {1364-6613},
    doi = {https://doi.org/10.1016/j.tics.2017.04.011},
    url = {https://www.sciencedirect.com/science/article/pii/S1364661317300840},
    author = {Anastasia Kiyonaga and Jason M. Scimeca and Daniel P. Bliss and David Whitney},
    keywords = {proactive interference, serial dependence, working memory},
    abstract = {Information that has been recently perceived or remembered can bias current processing. This has been viewed as both a corrupting (e.g., proactive interference in short-term memory) and stabilizing (e.g., serial dependence in perception) phenomenon. We hypothesize that this bias is a generally adaptive aspect of brain function that leads to occasionally maladaptive outcomes.}
}

@ARTICLE{mne,
    AUTHOR={Gramfort, Alexandre and Luessi, Martin and Larson, Eric and Engemann, Denis and Strohmeier, Daniel and Brodbeck, Christian and Goj, Roman and Jas, Mainak and Brooks, Teon and Parkkonen, Lauri and Hämäläinen, Matti},   
    TITLE={MEG and EEG data analysis with MNE-Python},      
    JOURNAL={Frontiers in Neuroscience},      
    VOLUME={7},      
    PAGES={267},     
    YEAR={2013},      
    URL={https://www.frontiersin.org/article/10.3389/fnins.2013.00267},       
    DOI={10.3389/fnins.2013.00267},      
    ISSN={1662-453X},   
}

@book{senior_russell_gazzaniga_2006, 
    place={Cambridge, MA}, 
    title={Methods in Mind}, 
    publisher={Mit Press}, 
    author={Senior, Carl and Russell, Tamara and Gazzaniga, Michael S.}, 
    year={2006}
}

@article{Brouwer,
    author = {Brouwer, Gijs Joost and Heeger, David J.},
    title = {Cross-orientation suppression in human visual cortex},
    journal = {Journal of Neurophysiology},
    volume = {106},
    number = {5},
    pages = {2108-2119},
    year = {2011},
    doi = {10.1152/jn.00540.2011},
    note ={PMID: 21775720},
    URL = {https://doi.org/10.1152/jn.00540.2011},
    eprint = {https://doi.org/10.1152/jn.00540.2011}
}

@article {Brouwer09,
	author = {Brouwer, Gijs Joost and Heeger, David J.},
	title = {Decoding and Reconstructing Color from Responses in Human Visual Cortex},
	volume = {29},
	number = {44},
	pages = {13992--14003},
	year = {2009},
	doi = {10.1523/JNEUROSCI.3577-09.2009},
	publisher = {Society for Neuroscience},
	issn = {0270-6474},
	URL = {https://www.jneurosci.org/content/29/44/13992},
	eprint = {https://www.jneurosci.org/content/29/44/13992.full.pdf},
	journal = {Journal of Neuroscience}
}

@article{sprague_serences_2013, 
    title={Attention modulates spatial priority maps in the human occipital, parietal and frontal cortices}, volume={16}, 
    DOI={10.1038/nn.3574}, 
    number={12}, 
    journal={Nature Neuroscience}, 
    author={Sprague, Thomas C and Serences, John T}, 
    year={2013}, 
    pages={1879–1887}
}

@article{sprague_saproo_serences_2015, 
    title={Visual attention mitigates information loss in small- and large-scale neural codes}, 
    volume={19}, 
    DOI={10.1016/j.tics.2015.02.005}, 
    number={4}, 
    journal={Trends in Cognitive Sciences}, 
    author={Sprague, Thomas C. and Saproo, Sameer and Serences, John T.}, 
    year={2015}, 
    pages={215–226}
}

@misc{chollet2015keras,
  title={Keras},
  author={Chollet, Fran\c{c}ois and others},
  year={2015},
  url={https://keras.io}
}

@misc{tensorflow2015-whitepaper,
title={ {TensorFlow}: Large-Scale Machine Learning on Heterogeneous Systems},
url={https://www.tensorflow.org/},
note={Software available from tensorflow.org},
author={
    Mart\'{\i}n~Abadi and
    Ashish~Agarwal and
    Paul~Barham and
    Eugene~Brevdo and
    Zhifeng~Chen and
    Craig~Citro and
    Greg~S.~Corrado and
    Andy~Davis and
    Jeffrey~Dean and
    Matthieu~Devin and
    Sanjay~Ghemawat and
    Ian~Goodfellow and
    Andrew~Harp and
    Geoffrey~Irving and
    Michael~Isard and
    Yangqing Jia and
    Rafal~Jozefowicz and
    Lukasz~Kaiser and
    Manjunath~Kudlur and
    Josh~Levenberg and
    Dandelion~Man\'{e} and
    Rajat~Monga and
    Sherry~Moore and
    Derek~Murray and
    Chris~Olah and
    Mike~Schuster and
    Jonathon~Shlens and
    Benoit~Steiner and
    Ilya~Sutskever and
    Kunal~Talwar and
    Paul~Tucker and
    Vincent~Vanhoucke and
    Vijay~Vasudevan and
    Fernanda~Vi\'{e}gas and
    Oriol~Vinyals and
    Pete~Warden and
    Martin~Wattenberg and
    Martin~Wicke and
    Yuan~Yu and
    Xiaoqiang~Zheng},
  year={2015},
}

@article{scikit-learn,
 title={Scikit-learn: Machine Learning in {P}ython},
 author={Pedregosa, F. and Varoquaux, G. and Gramfort, A. and Michel, V.
         and Thirion, B. and Grisel, O. and Blondel, M. and Prettenhofer, P.
         and Weiss, R. and Dubourg, V. and Vanderplas, J. and Passos, A. and
         Cournapeau, D. and Brucher, M. and Perrot, M. and Duchesnay, E.},
 journal={Journal of Machine Learning Research},
 volume={12},
 pages={2825--2830},
 year={2011}
}

@misc{newville_matthew_2014_11813,
  author       = {Newville, Matthew and
                  Stensitzki, Till and
                  Allen, Daniel B. and
                  Ingargiola,  Antonino},
  title        = {{LMFIT: Non-Linear Least-Square Minimization and 
                   Curve-Fitting for Python}},
  month        = sep,
  year         = 2014,
  publisher    = {Zenodo},
  version      = {0.8.0},
  doi          = {10.5281/zenodo.11813},
  url          = {https://doi.org/10.5281/zenodo.11813},
}

@book{james_witten_hastie_tibshirani_2017, place={New York}, title={An introduction to statistical learning: with applications in R}, publisher={Springer}, author={James, Gareth and Witten, Daniela and Hastie, Trevor and Tibshirani, Robert}, year={2017}}

@book{hastie_friedman_tisbshirani_2017, place={New York}, title={The Elements of statistical learning: data mining, inference, and prediction}, publisher={Springer}, author={Hastie, Trevor and Friedman, Jerome and Tisbshirani, Robert}, year={2017}}

@ARTICLE{mosher99,
  author={J. C. {Mosher} and R. M. {Leahy} and P. S. {Lewis}},
  journal={IEEE Transactions on Biomedical Engineering}, 
  title={EEG and MEG: forward solutions for inverse methods}, 
  year={1999},
  volume={46},
  number={3},
  pages={245-259},
  doi={10.1109/10.748978}}
  
@article{segonne_2004, title={A hybrid approach to the skull stripping problem in MRI}, DOI={10.1016/s1053-8119(04)00188-0}, journal={NeuroImage}, author={Segonne, F}, year={2004}}

@ARTICLE{hamalainen89,
  author={M. S. {Hamalainen} and J. {Sarvas}},
  journal={IEEE Transactions on Biomedical Engineering}, 
  title={Realistic conductivity geometry model of the human head for interpretation of neuromagnetic data}, 
  year={1989},
  volume={36},
  number={2},
  pages={165-171},
  doi={10.1109/10.16463}}
  
@article{lin_2006, title={Assessing and improving the spatial accuracy in MEG source localization by depth-weighted minimum-norm estimates}, volume={31}, DOI={10.1016/j.neuroimage.2005.11.054}, number={1}, journal={NeuroImage}, author={Lin, Fa-Hsuan and Witzel, Thomas and Ahlfors, Seppo P. and Stufflebeam, Steven M. and Belliveau, John W. and Hämäläinen, Matti S.}, year={2006}, pages={160–171}}

@article{fuchs_1999, title={Linear and Nonlinear Current Density Reconstructions}, volume={16}, DOI={10.1097/00004691-199905000-00006}, number={3}, journal={Journal of Clinical Neurophysiology}, author={Fuchs, Manfred and Wagner, Michael and Köhler, Thomas and Wischmann, Hans-Aloys}, year={1999}, pages={267–295}}

@article{lin_2005, title={Distributed current estimates using cortical orientation constraints}, volume={27}, DOI={10.1002/hbm.20155}, number={1}, journal={Human Brain Mapping}, author={Lin, Fa-Hsuan and Belliveau, John W. and Dale, Anders M. and Hämäläinen, Matti S.}, year={2005}, pages={1–13}}

@article{DALE200055,
title = {Dynamic Statistical Parametric Mapping: Combining fMRI and MEG for High-Resolution Imaging of Cortical Activity},
journal = {Neuron},
volume = {26},
number = {1},
pages = {55-67},
year = {2000},
issn = {0896-6273},
doi = {https://doi.org/10.1016/S0896-6273(00)81138-1},
url = {https://www.sciencedirect.com/science/article/pii/S0896627300811381},
author = {Anders M. Dale and Arthur K. Liu and Bruce R. Fischl and Randy L. Buckner and John W. Belliveau and Jeffrey D. Lewine and Eric Halgren}
}